@inbook{bachelard1970idealisme,
  title={Id{\'e}alisme discursif},
  author={Bachelard, Gaston},
  booktitle={{\'E}tudes},
  year={1970},
  address={Paris},
  publisher={Vrin, pr{\'e}sentation de Georges Canguilhem}
}

@book{bachelard1934formation,
  title={La formation de l'esprit scientifique: contribution {\`a} une psychanalyse de la connaissance},
  author={Bachelard, Gaston},
  year={1934},
  publisher={Vrin},
  note={\url{https://gastonbachelard.org/wp-content/uploads/2015/07/formation_esprit.pdf}}
}


@article{tasca2012women,
  title={Women {A}nd {H}ysteria {I}n {T}he {H}istory {O}f {M}ental {H}ealth},
  author={Tasca, Cecilia and Rapetti, Mariangela and Carta, Mauro Giovanni and Fadda, Bianca},
  journal={Clinical practice and epidemiology in mental health: CP \& EMH},
  volume={8},
  pages={\ 110},
  year={2012},
  publisher={Bentham Science Publishers},
  note={\url{https://doi.org/10.2174/1745017901208010110}}
}

@book{bogousslavsky2011following,
  title={Following Charcot: {A} forgotten {H}istory of {N}eurology and {P}sychiatry},
  author={Bogousslavsky, Julien},
  volume={29},
  year={2011},
  publisher={Karger Medical and Scientific Publishers}, note={\url{https://www.biusante.parisdescartes.fr/chn/docpdf/walusinski_chapitre.pdf}}
}

@article{marmion2015freud,
  title={Freud hypnotiseur},
  author={Marmion, Jean-Fran{\c{c}}ois},
  journal={Freud et la psychanalyse},
  pages={\ 22--29},
  year={2015},
  publisher={Sciences Humaines},
  note={\url{https://www.cairn.info/freud-et-la-psychanalyse--9782361063542-page-22.htm}}
}

@article{bogousslavsky2014mysteries,
  title={The {M}ysteries of {H}ysteria},
  author={Bogousslavsky, Julien},
  journal={Neurosciences and History},
  volume={2},
  number={2},
  pages={\ 54--73},
  year={2014},
  publisher={Sociedad Española de Neurología},
  note={\url{https://nah.sen.es/vmfiles/abstract/NAHV2N2201454_73EN.pdf}}
}

@book{bernheim1891suggestion,
  title={De la suggestion et de ses applications {\`a} la th{\'e}rapeutique},
  author={Bernheim, Hippolyte},
  year={1891},
  publisher={Octave Doin}, note={\url{https://gallica.bnf.fr/ark:/12148/bpt6k97805169}}
}

@article{camargo2018jean,
  title={Jean-{M}artin {C}harcot's {I}nfluence on {C}areer of {S}igmund {F}reud, and the {I}nfluence of this {M}eeting for the {B}razilian {M}edicine},
  author={Camargo, Carlos Henrique Ferreira and Marques, Paula T and de Oliveira, Livia P and Germinian, Francisco MB and de Paola, Luciano and Teive, H{\'e}lio Afonso Ghizoni},
  journal={Revista Brasileira de Neurologia},
  volume={54},
  number={2},
  year={2018},
  note={\url{https://docs.bvsalud.org/biblioref/2018/07/907032/revista542v4-artigo6.pdf}}
}

@phdthesis{kneib2011etude,
  title={{\'E}tude fonctionnelle d'un circuit inhibiteur du cortex c{\'e}r{\'e}belleux de la souris: Importance pour la physiopathologie des retards mentaux},
  author={Kneib, Marie},
  year={2011},
  school={Strasbourg},
  note={\url{https://publication-theses.unistra.fr/public/theses_doctorat/2011/KNEIB_Marie_2011.pdf}}
}

@article{teive2022thomas,
  title={Thomas {W}illis' legacy on the 400\textsuperscript{th} anniversary of his birth},
  author={Teive, H{\'e}lio Afonso Ghizoni and Coutinho, L{\'e}o and Camargo, Carlos Henrique Ferreira and Munhoz, Renato Puppi and Walusinski, Olivier},
  journal={Arquivos de Neuro-Psiquiatria},
  volume={80},
  pages={759--762},
  year={2022},
  publisher={SciELO Brasil},
  note={\url{https://doi.org/10.1055/s-0042-1755278}}
}

@article{BROUSSOLLE2012301,
title = {Figures and institutions of the neurological sciences in {P}aris from 1800 to 1950. {P}art {III}: {N}eurology},
journal = {Revue Neurologique},
volume = {168},
number = {4},
pages = {301-320},
year = {2012},
author = {E. Broussolle and J. Poirier and F. Clarac and J.-G. Barbara},
note = {\url{https://doi.org/10.1016/j.neurol.2011.10.006}}
}

@inproceedings{gabay2021katabase,
  title={Katabase: {\`A} la recherche des manuscrits vendus},
  author={Gabay, Simon and Petkovic, Ljudmila and Bartz, Alexandre and Levenson, Matthias Gille and Du Noyer, Lucie Rondeau},
  booktitle={Humanistica 2021},
  year={2021},
  note={\url{https://hal.science/hal-03066108}}
}

@article{joyeux2019visual,
  title={Visual {C}ontagions, the {A}rt {H}istorian, and the {D}igital {S}trategies to {W}ork on {T}hem},
  author={Joyeux-Prunel, B{\'e}atrice},
  journal={Artl@s Bulletin},
  volume={8},
  number={3},
  pages={8},
  year={2019},
  note={\url{https://docs.lib.purdue.edu/artlas/vol8/iss3/8/}}
}

@inproceedings{manjavacas,
    title = "On the {F}easibility of {A}utomated {D}etection of {A}llusive {T}ext {R}euse",
    author = "Manjavacas, Enrique  and
      Long, Brian  and
      Kestemont, Mike",
    booktitle = "Proceedings of the 3\textsuperscript{rd} Joint {SIGHUM} Workshop on Computational Linguistics for Cultural Heritage, Social Sciences, Humanities and Literature",
    month = jun,
    year = "2019",
    address = "Minneapolis, USA",
    publisher = "Association for Computational Linguistics",
    pages = "104--114",
    note = {\url{https://doi.org/10.18653/v1/W19-2514}}
}

@book{roudinesco,
    author = {Roudinesco, {\'E}lisabeth and Plon, Michel},
    title = {Dictionnaire de la psychanalyse},
    publisher = {Fayard},
    year = {2023},
    note = {\url{https://www.fayard.fr/sciences-humaines/dictionnaire-de-la-psychanalyse-nouvelle-edition-9782213725277}}
}

@article{landais2014frederic,
  title={‪\say{~{F}r{\'e}d{\'e}ric {D}arbellay, {\'e}d., \textit{{L}a circulation des savoirs. {I}nterdisciplinarit{\'e}, concepts nomades, analogies, m{\'e}taphores~}‪}: {B}erne, {P}. {L}ang, 2012, 245 pages},
  author={Landais, {\'E}milie},
  journal={Questions de communication},
  volume={26},
  pages={331--333},
  year={2014},
  publisher={Cairn},
  note={\url{https://doi.org/10.4000/questionsdecommunication.9367}}
}

@article{quet2014frederic,
  title={\say{~{F}r{\'e}d{\'e}ric {D}arbellay, \textit{{L}a circulation des savoirs. {I}nterdisciplinarit{\'e}, concepts nomades, analogies, m{\'e}taphores~}}},
  author={Quet, Mathieu},
  journal={Revue d'anthropologie des connaissances},
  volume={8},
  number={8-1},
  year={2014},
  publisher={Soci{\'e}t{\'e} d'Anthropologie des Connaissances},
  note={\url{https://doi.org/10.3917/rac.022.0221}}
}

@article{varet2023nouvelles,
  title={Les nouvelles modalit{\'e}s num{\'e}riques: \textit{blockchain}, {W}eb 3.0, {NFT}, m{\'e}tavers...},
  author={Varet, Vincent},
  journal={Legipresse},
  volume={68},
  number={HS1},
  pages={59--70},
  year={2023},
  publisher={Dalloz},
  note={\url{https://doi.org/10.3917/legip.hs68.0059}}
}

@article{joyeux2022circulations,
  title={Circulations des savoirs, de la recherche {\`a} l'enseignement},
  author={Joyeux-Prunel, B{\'e}atrice and Gabay, Simon},
  journal={Arabesques},
  year={2022},
  note={\url{https://doi.org/10.35562/arabesques.2847}}
}

@article{hey2009jim,
  title={Jim {G}ray on e{S}cience: {A} {T}ransformed {S}cientific {M}ethod.},
  author={Hey, Tony and Tansley, Stewart and Tolle, Kristin M},
  journal={The Fourth Paradigm},
  year={2009},
  note={\url{https://languagelog.ldc.upenn.edu/myl/JimGrayOnE-Science.pdf}}
}

@inproceedings{Johns1991ShouldYB,
  title={Should you be persuaded. Two samples of data-driven learning materials},
  author={Tim F. Johns},
  year={1991},
  note={\url{https://api.semanticscholar.org/CorpusID:53988458}}
}

@book{kuhn1983structure,
  title={La structure des r{\'e}volutions scientifiques},
  author={Kuhn, Thomas S.},
  volume={2},
  year={1983},
  publisher={Flammarion Paris},
  note={Traduit par Laure Meyer, \url{https://kupdf.net/download/la-structure-des-r-eacute-volutions-scientifiques-thomas-s-kuhn_590217dadc0d60c957959eb4_pdf}}
}

@book{kuhn1962structure,
  title={The {S}tructure of {S}cientific {R}evolutions},
  author={Kuhn, Thomas S.},
  year={1962},
  publisher={University of {C}hicago {P}ress},
  note={\url{https://www.lri.fr/~mbl/Stanford/CS477/papers/Kuhn-SSR-2ndEd.pdf}}
}

@book{anouilh1956pauvre,
  title={Pauvre Bitos ou le dîner de têtes},
  author={Anouilh, Jean},
  year={1956},
  publisher={Gallimard, coll. \og{}Folio\fg{}, n\degree{} 301},
  note={\url{https://archive.org/details/anouilh-pauvre-bitos-ou-le-diner-de-tetes-1979}}
}

@book{koyre1962monde,
  title={Du monde clos {\`a} l'univers infini},
  author={Koyr{\'e}, Alexandre},
  volume={301},
  year={1962},
  publisher={Presses universitaires de France},
  note={\url{https://archive.org/details/fromclosedworldt0000koyr/page/n13/mode/2up?q=revolution}}
}

@misc{amiri2012,
      title={T. {S.} {K}uhn}, 
      author={Amiri, Valeh Valiollahpour},
      year={2012},
      howpublished={\url{https://histoirephilosciences.wordpress.com/depuis-le-20eme-siecles/une-nouvelle-epistemologie/t-s-kuhn/}}
}
